<mx:record xmlns="http://www.w3.org/TR/xhtml1/strict" xmlns:mx="http://www.loc.gov/MARC21/slim" xmlns:xsi="http://www.w3.org/2001/XMLSchema-instance"><mx:leader>00000cz   2200000n  0000</mx:leader><mx:controlfield tag="001">oca03884007 </mx:controlfield><mx:controlfield tag="005">20001103071035.0</mx:controlfield><mx:controlfield tag="008">950721n| acannaabn          |a aaa     c</mx:controlfield><mx:datafield ind1=" " ind2=" " tag="010"><mx:subfield code="a">nr 95026784</mx:subfield></mx:datafield><mx:datafield ind1=" " ind2=" " tag="040"><mx:subfield code="a">NNC</mx:subfield><mx:subfield code="b">eng</mx:subfield><mx:subfield code="c">NNC</mx:subfield><mx:subfield code="d">OCoLC</mx:subfield></mx:datafield><mx:datafield ind1="1" ind2=" " tag="100"><mx:subfield code="a">Metellus, Quintus Caecilius,</mx:subfield><mx:subfield code="d">fl. 216-179 B.C.</mx:subfield></mx:datafield><mx:datafield ind1="0" ind2=" " tag="400"><mx:subfield code="a">Caecilius Metellus,</mx:subfield><mx:subfield code="d">fl. 216-179 B.C.</mx:subfield></mx:datafield><mx:datafield ind1="1" ind2=" " tag="400"><mx:subfield code="a">Caecilius Metellus, Quintus,</mx:subfield><mx:subfield code="d">fl. 216-179 B.C.</mx:subfield></mx:datafield><mx:datafield ind1="0" ind2=" " tag="400"><mx:subfield code="a">Q. Caecilius Metellus</mx:subfield><mx:subfield code="q">(Quintus Caecilius Metellus),</mx:subfield><mx:subfield code="d">fl. 216-179 B.C.</mx:subfield></mx:datafield><mx:datafield ind1=" " ind2=" " tag="670"><mx:subfield code="a">His Versus in Naevium [CF] 1991:</mx:subfield><mx:subfield code="b">PHI CD ROM #5.3, Latin Canon, bibliographic screen (Caecilius Metellus)</mx:subfield></mx:datafield><mx:datafield ind1=" " ind2=" " tag="670"><mx:subfield code="a">Pauly-Wissowa:</mx:subfield><mx:subfield code="b">5. Halbbd., col. 1206-1207; &amp;#034;Caecilius&amp;#034;, #81 (Q. Caecilius Metellus; pontifex 216 B.C.; tribune, 209 B.C.; aedile, 208 B.C.; consul, 206 B.C.; headed a legation to Macedonia, 186 B.C.; attempted reconciliation of the censors M. Aemilius Lepidus and M. Fulvius Nobiliar, 179 B.C.)</mx:subfield></mx:datafield><mx:datafield ind1=" " ind2=" " tag="670"><mx:subfield code="a">Oxford class. dict., 1st ed.:</mx:subfield><mx:subfield code="b">p. 562 (Metellus, Quintus Caecilius; consul 206 B.C.)</mx:subfield></mx:datafield><mx:datafield ind1=" " ind2=" " tag="670"><mx:subfield code="a">NUC pre-56:</mx:subfield><mx:subfield code="b">v. 378, p. 361 (Metellus, Quintus Caecilius)</mx:subfield></mx:datafield><mx:datafield ind1=" " ind2=" " tag="670"><mx:subfield code="a">Malcovati, E. Oratorum romanorum fragmenta rei liberae publicae, 1955:</mx:subfield><mx:subfield code="b">p. 9-10 (Q. Caecilius L.P. Metellus; pontifex 216 B.C.; tribune 209 B.C.; aedile 208 B.C.; consul, 206 B.C.; decemvir 201 B.C.; headed a legation to Macedonia 186 B.C.; enemy of the poet Naevius)</mx:subfield></mx:datafield><mx:datafield ind1=" " ind2=" " tag="670"><mx:subfield code="a">Dict. of Greek and Roman biography and mythology, 1967:</mx:subfield><mx:subfield code="b">v. 2, p. 1056-1067, &amp;#034;Metellus&amp;#034;, #2 (Q. Caecilius L.f. L.n. Metellus; pontifex, 216 B.C.; plebian aedile, 209 B.C.; curule aedile, 208 B.C.; consul 206 B.C.; decemvir, 201 B.C.; made an address to the censors, 179 B.C.)</mx:subfield></mx:datafield></mx:record>